@InProceedings{s2eSystem,
  author =   {Vitaly Chipounov and Volodymyr Kuznetsov and George Candea},
  title =    {{S2E}: A Platform for In-Vivo Multi-Path Analysis of Software Systems},
  booktitle =    ASPLOS,
  year =   2011
}

@InProceedings{dart,
  author =   {P. Godefroid and N. Klarlund and K. Sen},
  title =    {{DART}: Directed Automated Random Testing},
  booktitle =    PLDI,
  year =   {2005}
}

@InProceedings{klee,
  author =   {Cristian Cadar and Daniel Dunbar and Dawson R. Engler},
  title =    {{KLEE}: Unassisted and Automatic Generation of High-Coverage Tests for Complex Systems Programs},
  booktitle =    OSDI,
  year =   {2008}
}

@InProceedings{exe,
  author =   {Cristian Cadar and Vijay Ganesh and Peter M. Pawlowski and David L. Dill and Dawson R. Engler},
  title =    {{EXE}: Automatically Generating Inputs of Death},
  booktitle =    CCS,
  year =   {2006}
}

@InProceedings{lfi,
  author =   {Paul D. Marinescu and George Candea},
  title =    {{LFI}: A Practical and General Library-Level Fault Injector},
  booktitle =    DSN,
  year =   2009
}

@inproceedings{chess,
  author    = {Madanlal Musuvathi and Shaz Qadeer and Thomas Ball and G{\'e}rard Basler and Piramanayagam Arumuga Nainar and Iulian Neamtiu},
  title     = {Finding and Reproducing {H}eisenbugs in Concurrent Programs},
  booktitle = OSDI,
  year      = 2008
}

