%
% Please keep this file ordered alphabetically by abbreviation
%

@string{AADEBUG    = "International Workshop on Automated Debugging (AADEBUG)"}
@string{ASE        = "{ACM} International Conference on Automated Software Engineering (ASE)"}
@string{ASE-J      = "Automated Software Engineering Journal"}
@string{ASPLOS     = "International Conference on Architectural Support for Programming Languages and Operating Systems (ASPLOS)"}
@string{CAV        = "International Conference on Computer Aided Verification (CAV)"}
@string{CCC        = "International Conference on Compiler Construction (CCC)"}
@string{CCS        = "{ACM} Conference on Computer and Communications Security (CCS)"}
@string{CGO        = "International Symposium on Code Generation and Optimization (CGO)"}
@string{COMPSAC    = "International Computers, Software, and Applications Conference (COMPSAC)"}
@string{DSN        = "International Conference on Dependable Systems and Networks (DSN)"}
@string{EUROSYS    = "ACM EuroSys European Conference on Computer Systems (EUROSYS)"}
@string{FMCAD      = "Formal Methods in Computer-Aided Design (FMCAD)"}
@string{FSE        = "{ACM} {SIGSOFT} International Symposium on the Foundations of Software Engineering (FSE)"}
@string{HOTDEP     = "{W}orkshop on {H}ot {T}opics in {D}ependable {S}ystems (HOTDEP)"}
@string{HOTOS      = "{W}orkshop on {H}ot {T}opics in {O}perating {S}ystems (HOTOS)"}
@string{ICFP       = "International Conference on Functional Programming (ICFP)"}
@string{ICISS      = "International Conference on Information Systems Security (ICISS)"}
@string{ICRS       = "International Conference on Reliable Software (ICRS)"}
@string{ICSE       = "International Conference on Software Engineering (ICSE)"}
@string{ICST       = "International Conference on {S}oftware {T}esting {V}erification and {V}alidation (ICST)"}
@string{ICTSS      = "International Conference on Testing Software and Systems (ICTSS)"}
@string{IJUFKS     = "International Journal on Uncertainty, Fuzziness and Knowledge-based Systems (IJUFKS)"}
@string{ISCC       = "IEEE Symposium on Computers and Communications (ISCC)"}
@string{ISMM       = "International Symposium on Memory Management (ISMM)"}
@string{ISSTA      = "International Symposium on Software Testing and Analysis (ISSTA)"}
@string{LADIS      = "{W}orkshop on {L}arge {S}cale {D}istributed {S}ystems and {M}iddleware (LADIS)"}
@string{MIDDLEWARE = "International Middleware Conference (MIDDLEWARE)"}
@string{NDSS       = "Network and Distributed System Security Symposium (NDSS)"}
@string{NSDI       = "{USENIX} Symposium on Networked Systems Design and Implementation (NSDI)"}
@string{OAKLAND    = "IEEE Symposium on Security and Privacy (S\&P)"}
@string{OSDI       = "Symposium on Operating System Design and Implementation (OSDI)"}
@string{PLDI       = "International Conference on Programming Language Design and Implementation (PLDI)"}
@string{POPL       = "{ACM} {SIGPLAN-SIGACT} Symposium on Principles of Programming Languages (POPL)"}
@string{PVLDB      = "Proceedings of the VLDB Endowment (PVLDB)"}
@string{RV         = "International Conference on Runtime Verification (RV)"}
@string{SAT        = "International Conference on Theory and Applications of Satisfiability Testing (SAT)"}
@string{SIGMOD     = "ACM SIGMOD Conference (SIGMOD)"}
@string{SOCC       = "Symposium on Cloud Computing (SOCC)"}
@string{SOSP       = "{ACM} Symposium on Operating Systems Principles (SOSP)"}
@string{SP         = OAKLAND}
@string{SPIN       = "International {SPIN} Workshop (SPIN)"}
@string{SSP        = SP}
@string{TACAS      = "International Conference on Tools and Algorithms for the Construction and Analysis of Systems (TACAS)"}
@string{TAP        = "Tests and Proofs (TAP)"}
@string{TOCS       = "{ACM} Transactions on Computer Systems (TOCS)"}
@string{TOMACS     = "{ACM} Transactions on Modeling and Computer Simulation (TOMACS)"}
@string{USENIX     = "{USENIX} Annual Technical Conference (USENIX)"}
@string{VLDB       = "International Conference on Very Large Databases (VLDB)"}
@string{VLDBJ      = "International Journal on Very Large Databases (VLDBJ)"}
@string{WBIA       = "Binary Instrumentation and Applications Workshop (WBIA)"}
@string{WOSN       = "Workshop on Online Social Networks (WOSN)"}
